% This file was created with JabRef 2.7b.
% Encoding: UTF-8

@MISC{Brauman,
  author = {Carlos Braumann},
  title = {Biomatemática},
  month = {Março},
  year = {2010},
  language = {English},
  owner = {adilson},
  timestamp = {2013.01.16},
  url = {http://www.dmat.uevora.pt/evm07/MatApoio.html}
}

@MISC{Cprograming,
  author = {CPROGRAMING},
  title = {Debugging Segmentation Faults and Pointer Problems},
  month = {Maio},
  year = {2010},
  language = {English},
  owner = {adilson},
  timestamp = {2013.01.16},
  url = {http://www.cprogramming.com/debugging/segfaults.html}
}

@MISC{DAWKINS,
  author = {Prof Dr. Paul DAWKINS},
  title = {Paul's Online Math Notes: Differential Equations - Notes},
  month = {Dezembro},
  year = {2011},
  language = {English},
  organization = {Lamar university},
  owner = {adilson},
  timestamp = {2013.01.16},
  url = {http://tutorial.math.lamar.edu/Classes/DE/Definitions.aspx}
}

@ARTICLE{HIGHAM,
  author = {Desmond J. HIGHAM},
  title = {An Algoritmic Introduction to Numerical Simulation of Stochastic
	Differential Equations.},
  journal = {Personal page},
  year = {2001},
  volume = {43},
  pages = {500},
  owner = {adilson},
  timestamp = {2013.01.16}
}

@MISC{Xenopus,
  author = {James E. FERREL, Eric M. MACHLEDER},
  title = {The Biochemical Basis of an All-or-None Cell Fate Switch in Xenopus
	Oocytes},
  month = {Junho},
  year = {2011},
  language = {English},
  organization = {sciencemag},
  owner = {adilson},
  timestamp = {2013.01.16},
  url = {http://www.sciencemag.org/content/280/5365/895.abstract}
}

@BOOK{KLOEDEN,
  title = {Numerical Solution of Stochastic Differencial Equations.},
  publisher = {Springer},
  year = {1995},
  editor = {Editor},
  author = {Peter E. KLOEDEN, Eckhard. PLATEN},
  owner = {adilson},
  timestamp = {2013.01.16}
}

@MISC{PODOLSKY,
  author = {Dmitry I. PODOLSKY},
  title = {On triviality of quantum field theory in four dimensions.},
  month = {Maio},
  year = {2010},
  language = {English},
  owner = {adilson},
  timestamp = {2013.01.16},
  url = {<http://arxiv.org/abs/1003.3670}
}

@MISC{SALINAS,
  author = {Silvio R.A. SALINAS},
  title = {Einstein e a teoria do movimento browniano.},
  month = {Junho},
  year = {2005},
  language = {Português},
  owner = {adilson},
  timestamp = {2013.01.16},
  url = {http://www.scielo.br/scielo.php?script=sci_arttext&pid=S1806-11172005000200013&lng=en&nrm=iso}
}

@ELECTRONIC{SAUER,
  author = {Timothy. SAUER},
  month = {Março},
  year = {2010},
  title = {Numerical Solution of Stochastic Differencial Equations in Finance.},
  language = {Português},
  url = {http://math.gmu.edu/~tsauer/},
  owner = {adilson},
  timestamp = {2013.01.16}
}

@comment{jabref-meta: selector_publisher:}

@comment{jabref-meta: selector_author:}

@comment{jabref-meta: selector_journal:}

@comment{jabref-meta: selector_keywords:}

